<record><leader>00000cas a22000007a 4500</leader><controlfield tag="001">10443237</controlfield><controlfield tag="008">840222d18511861paudn ne      0    0eng d</controlfield><controlfield tag="009">3781</controlfield><datafield ind1=" " ind2=" " tag="010"><subfield code="a">sn 84026382 </subfield></datafield><datafield ind1=" " ind2=" " tag="040"><subfield code="a">NPU</subfield><subfield code="b">eng</subfield><subfield code="c">NPU</subfield><subfield code="d">NPH</subfield><subfield code="d">NPX</subfield><subfield code="d">DLC</subfield><subfield code="d">NPH</subfield><subfield code="d">HUL</subfield></datafield><datafield ind1="1" ind2=" " tag="029"><subfield code="a">AU@</subfield><subfield code="b">000025841590</subfield></datafield><datafield ind1=" " ind2=" " tag="042"><subfield code="a">msc</subfield></datafield><datafield ind1="0" ind2="0" tag="050"><subfield code="a">Newspaper 9375-X</subfield></datafield><datafield ind1="0" ind2=" " tag="130"><subfield code="a">Daily Pittsburgh gazette (Pittsburgh, Pa. : 1851)</subfield></datafield><datafield ind1="0" ind2="4" tag="245"><subfield code="a">The daily Pittsburgh gazette.</subfield></datafield><datafield ind1="0" ind2="0" tag="246"><subfield code="a">Pittsburgh gazette</subfield></datafield><datafield ind1=" " ind2=" " tag="250"><subfield code="a">[Morning ed.]</subfield></datafield><datafield ind1=" " ind2=" " tag="260"><subfield code="a">Pittsburgh, Pa. :</subfield><subfield code="b">White &amp; Co.,</subfield><subfield code="c">1851-1861.</subfield></datafield><datafield ind1=" " ind2=" " tag="300"><subfield code="a">11 v. ;</subfield><subfield code="c">72 cm.</subfield></datafield><datafield ind1=" " ind2=" " tag="310"><subfield code="a">Daily (except Sun.)</subfield></datafield><datafield ind1="0" ind2=" " tag="362"><subfield code="a">Vol. 64, no. 134 (Jan. 9, 1851)-v. 74, no. 136 (May 8, 1861).</subfield></datafield><datafield ind1=" " ind2=" " tag="500"><subfield code="a">"This is our political and commercial edition."</subfield></datafield><datafield ind1=" " ind2=" " tag="500"><subfield code="a">Published by: S. Riddle &amp; Co. &lt;Sept. 5, 1855- &gt;.</subfield></datafield><datafield ind1=" " ind2=" " tag="580"><subfield code="a">Evening ed.: Daily evening gazette (Pittsburgh, Pa.)</subfield></datafield><datafield ind1=" " ind2=" " tag="752"><subfield code="a">United States</subfield><subfield code="b">Pennsylvania</subfield><subfield code="c">Allegheny</subfield><subfield code="d">Pittsburgh.</subfield></datafield><datafield ind1="0" ind2=" " tag="775"><subfield code="t">Pittsburgh weekly gazette (Pittsburgh, Pa. : 1851)</subfield><subfield code="w">(DLC)sn 89077238</subfield></datafield><datafield ind1="0" ind2=" " tag="775"><subfield code="t">Weekly Pittsburgh gazette</subfield><subfield code="w">(DLC)sn 86081112</subfield></datafield><datafield ind1="0" ind2="0" tag="780"><subfield code="t">Pittsburgh daily gazette (Pittsburgh, Pa. : 1847)</subfield><subfield code="w">(DLC)sn 85054514</subfield><subfield code="w">(OCoLC)11833267</subfield></datafield><datafield ind1="0" ind2="5" tag="780"><subfield code="t">True press (Pittsburgh, Pa.)</subfield><subfield code="g">1861</subfield><subfield code="w">(DLC)sn 86081032</subfield></datafield><datafield ind1="0" ind2="7" tag="785"><subfield code="t">Daily commercial journal (Pittsburgh, Pa. : Daily)</subfield><subfield code="w">(DLC)sn 85054560</subfield></datafield><datafield ind1="0" ind2="7" tag="785"><subfield code="t">Daily Pittsburgh gazette and commercial journal</subfield><subfield code="w">(DLC)sn 85054513</subfield><subfield code="w">(OCoLC)11872779</subfield></datafield><datafield ind1="1" ind2=" " tag="787"><subfield code="t">Daily evening gazette (Pittsburgh, Pa.)</subfield><subfield code="w">(DLC)sn 85054639</subfield></datafield></record>